<record><leader>00000cas a2200000 a 4500</leader><controlfield tag="001">65167560</controlfield><controlfield tag="006">m     o  u        </controlfield><controlfield tag="007">cr cn|||||||||</controlfield><controlfield tag="008">060320d20052007txumr nso     0    0eng c</controlfield><datafield ind1=" " ind2=" " tag="010"><subfield code="a">  2006240418</subfield></datafield><datafield ind1=" " ind2=" " tag="040"><subfield code="a">IXA</subfield><subfield code="b">eng</subfield><subfield code="c">IXA</subfield><subfield code="d">IXA</subfield><subfield code="d">OCLCQ</subfield><subfield code="d">OCLCF</subfield></datafield><datafield ind1="1" ind2=" " tag="029"><subfield code="a">AU@</subfield><subfield code="b">000040187739</subfield></datafield><datafield ind1="0" ind2=" " tag="041"><subfield code="a">eng</subfield><subfield code="a">spa</subfield></datafield><datafield ind1=" " ind2=" " tag="042"><subfield code="a">pcc</subfield></datafield><datafield ind1=" " ind2=" " tag="043"><subfield code="a">n-us-tx</subfield></datafield><datafield ind1="0" ind2="3" tag="245"><subfield code="a">La voz de Dove Springs</subfield><subfield code="h">[electronic resource].</subfield></datafield><datafield ind1=" " ind2=" " tag="260"><subfield code="a">Austin, Tex. :</subfield><subfield code="b">A. Santos,</subfield><subfield code="c">2005-</subfield></datafield><datafield ind1=" " ind2=" " tag="310"><subfield code="a">Monthly</subfield></datafield><datafield ind1="0" ind2=" " tag="362"><subfield code="a">Vol. #1, no. 1 (Sept. 2005)-</subfield></datafield><datafield ind1=" " ind2=" " tag="500"><subfield code="a">"Informando a la comunidad en Austin, Texas."</subfield></datafield><datafield ind1=" " ind2=" " tag="500"><subfield code="a">Title from caption (publisher's Web site, viewed Mar. 15, 2006).</subfield></datafield><datafield ind1=" " ind2=" " tag="546"><subfield code="a">English and Spanish.</subfield></datafield><datafield ind1=" " ind2=" " tag="580"><subfield code="a">Merged with: La voz de Montopolis, La voz de East Austin, La voz de Riverside/Oltorf and La voz de South Austin, to form: La voz de Austin.</subfield></datafield><datafield ind1=" " ind2=" " tag="588"><subfield code="a">Latest issue consulted: Vol. #3, no. #1 &amp; 2 (Jan./Feb. 2007) (viewed Oct. 1, 2007).</subfield></datafield><datafield ind1=" " ind2="0" tag="651"><subfield code="a">Austin (Tex.)</subfield><subfield code="v">Newspapers.</subfield></datafield><datafield ind1=" " ind2="0" tag="650"><subfield code="a">Mexican Americans</subfield><subfield code="z">Texas</subfield><subfield code="z">Austin</subfield><subfield code="v">Newspapers.</subfield></datafield><datafield ind1=" " ind2="7" tag="655"><subfield code="a">Newspapers.</subfield><subfield code="2">fast</subfield><subfield code="0">(OCoLC)fst01423814</subfield></datafield><datafield ind1=" " ind2="7" tag="650"><subfield code="a">Mexican Americans.</subfield><subfield code="2">fast</subfield><subfield code="0">(OCoLC)fst01019072</subfield></datafield><datafield ind1=" " ind2="7" tag="651"><subfield code="a">Texas</subfield><subfield code="z">Austin.</subfield><subfield code="2">fast</subfield><subfield code="0">(OCoLC)fst01204313</subfield></datafield><datafield ind1=" " ind2=" " tag="752"><subfield code="a">United States</subfield><subfield code="b">Texas</subfield><subfield code="c">Travis</subfield><subfield code="d">Austin.</subfield></datafield><datafield ind1="1" ind2="7" tag="785"><subfield code="t">Voz de Montopolis</subfield></datafield><datafield ind1="1" ind2="7" tag="785"><subfield code="t">Voz de East Austin</subfield></datafield><datafield ind1="1" ind2="7" tag="785"><subfield code="t">Voz de Riverside/Oltorf</subfield></datafield><datafield ind1="1" ind2="7" tag="785"><subfield code="t">Voz de South Austin</subfield></datafield><datafield ind1="1" ind2="7" tag="785"><subfield code="t">Voz de Austin</subfield><subfield code="w">(DLC)  2007240556</subfield><subfield code="w">(OCoLC)173659912</subfield></datafield><datafield ind1="4" ind2="0" tag="856"><subfield code="u">http://lavoznewspapers.com/La_Voz_de_Austin.html</subfield></datafield></record>